% Encoding: UTF-8

@Misc{AWSD,
  author       = {{Amazon Web Services - Dokumentation}},
  title        = {{Amazon Cognito UserPool PasswordPolicy}},
  howpublished = {URL: \url{https://docs.aws.amazon.com/de_de/AWSCloudFormation/latest/UserGuide/aws-properties-cognito-userpool-passwordpolicy.html}},
  note         = {{Zuletzt aufgerufen am 21.01.2019}},
}

@Misc{AWSAmplify,
  author       = {{AWS Amplify}},
  title        = {{Amazon Cognito Identity SDK for JavaScript}},
  howpublished = {URL: \url{https://github.com/aws-amplify/amplify-js/tree/master/packages/amazon-cognito-identity-js}},
  note         = {{Zuletzt aufgerufen am 21.01.2019}},
}

@Misc{AWSDa,
  author       = {{Amazon Web Services - Dokumentation}},
  title        = {{AWS::DynamoDB::Table}},
  howpublished = {URL: \url{https://docs.aws.amazon.com/de_de/AWSCloudFormation/latest/UserGuide/aws-resource-dynamodb-table.html}},
  note         = {{Zuletzt aufgerufen am 21.01.2019}},
}

@Misc{AWSDb,
  author       = {{Amazon Web Services - Dokumentation}},
  title        = {{Verwenden der AWS Management Console mit DynamoDB Auto Scaling}},
  howpublished = {URL: \url{https://docs.aws.amazon.com/de_de/amazondynamodb/latest/developerguide/AutoScaling.Console.html}},
  note         = {{Zuletzt aufgerufen am 21.01.2019}},
}

@Misc{AWSDc,
  author       = {{Amazon Web Services - Dokumentation}},
  title        = {{Ref}},
  howpublished = {URL: \url{https://docs.aws.amazon.com/de_de/AWSCloudFormation/latest/UserGuide/intrinsic-function-reference-ref.html}},
  note         = {{Zuletzt aufgerufen am 21.01.2019}},
}

@Misc{AWSDd,
  author       = {{Amazon Web Services - Dokumentation}},
  title        = {{Umgebungseigenschaften und andere Softwareeinstellungen}},
  howpublished = {URL: \url{https://docs.aws.amazon.com/de_de/elasticbeanstalk/latest/dg/environments-cfg-softwaresettings.html}},
  note         = {{Zuletzt aufgerufen am 21.01.2019}},
}

@Misc{AWSJSSDKD,
  author       = {{AWS JavaScript SDK Documentation}},
  title        = {{DynamoDB deleteItem}},
  howpublished = {URL: \url{https://docs.aws.amazon.com/AWSJavaScriptSDK/latest/AWS/DynamoDB.html#deleteItem-property}},
  note         = {{Zuletzt aufgerufen am 21.01.2019}},
}

@Misc{AWS,
  author       = {{Amazon Web Services}},
  title        = {{Amazon EC2 â€“ Preise}},
  howpublished = {URL: \url{https://aws.amazon.com/de/ec2/pricing/on-demand/}},
  note         = {{Zuletzt aufgerufen am 21.01.2019}},
}

@Misc{LeonardMartin,
  author       = {{Leonard Martin}},
  title        = {{busboy-body-parser}},
  howpublished = {URL: \url{https://github.com/lennym/busboy-body-parser/blob/master/index.js}},
  note         = {{Zuletzt aufgerufen am 21.01.2019}},
}

@Misc{busboy,
  author       = {busboy},
  title        = {{NodeJS module for parsing incoming HTML form data}},
  howpublished = {URL: \url{https://www.npmjs.com/package/busboy}},
  note         = {{Zuletzt aufgerufen am 21.01.2019}},
}

@Misc{Express,
  author       = {{Express}},
  title        = {{Using middleware}},
  howpublished = {URL: \url{https://expressjs.com/en/guide/using-middleware.html}},
  note         = {{Zuletzt aufgerufen am 21.01.2019}},
}

@Misc{HTP,
  author       = {{Hypertext Transfer Protocol (HTTP/1.1)}},
  title        = {{Range Requests}},
  howpublished = {URL: \url{https://www.rfc-editor.org/rfc/rfc7233.txt}},
  note         = {{Zuletzt aufgerufen am 21.01.2019}},
}

@Misc{AWSDe,
  author       = {{Amazon Web Services - Dokumentation}},
  title        = {{AWS Lambda und AWS X-Ray}},
  howpublished = {URL: \url{https://docs.aws.amazon.com/de_de/xray/latest/devguide/xray-services-lambda.html}},
  note         = {{Zuletzt aufgerufen am 21.01.2019}},
}

@Misc{AWSa,
  author       = {{Amazon Web Sercives}},
  title        = {{DynamoDB}},
  howpublished = {URL: \url{https://aws.amazon.com/de/dynamodb/}},
  note         = {{Zuletzt aufgerufen am 21.01.2019}},
}

@Misc{AWSb,
  author       = {{Amazon Web Services}},
  title        = {{CloudFront}},
  howpublished = {URL: \url{https://aws.amazon.com/de/cloudfront/}},
  note         = {{Zuletzt aufgerufen am 21.01.2019}},
}

@Comment{jabref-meta: databaseType:bibtex;}
